<?xml version="1.0" encoding="UTF-8"?><collection xmlns="http://www.loc.gov/MARC21/slim"><record><leader>00581nam--2200193-i-4500</leader><controlfield tag="001">000010368</controlfield><controlfield tag="002">20161230</controlfield><controlfield tag="005">20161230201028</controlfield><controlfield tag="008">060222s1000------------r-----000-0-eng-d</controlfield><datafield ind1=" " ind2=" " tag="040"><subfield code="a">IFIN-HH</subfield></datafield><datafield ind1=" " ind2=" " tag="080"><subfield code="a">539.175</subfield></datafield><datafield ind1="1" ind2=" " tag="100"><subfield code="a">Graetzer, Hans G</subfield></datafield><datafield ind1=" " ind2=" " tag="245"><subfield code="a">The discovery of nuclear fission: a documentary history</subfield><subfield code="c">Hans g graetzer, david l. anderson</subfield></datafield><datafield ind1=" " ind2=" " tag="260"><subfield code="a">New York</subfield><subfield code="b">Van Nostrand Reinhold Company</subfield><subfield code="c">1971</subfield></datafield><datafield ind1=" " ind2=" " tag="300"><subfield code="a">VIII + 120 P</subfield></datafield><datafield ind1=" " ind2=" " tag="490"><subfield code="a">Van Nostrand Momentum Books</subfield><subfield code="v">Book 20</subfield></datafield><datafield ind1="1" ind2=" " tag="700"><subfield code="a">Anderson, David L</subfield></datafield><datafield ind1=" " ind2=" " tag="852"><subfield code="a">20430</subfield><subfield code="c">539</subfield></datafield><datafield ind1=" " ind2=" " tag="CAT"><subfield code="a">Sys</subfield><subfield code="c">20110930</subfield><subfield code="h">091356</subfield></datafield></record></collection>